@article{Pourhasanzade2019,
	author = {Fateme Pourhasanzade and S. H. Sabzpoushan},
	title = {A cellular automata model of chemotherapy effects on tumour growth: targeting cancer and immune cells},
	journal = {Mathematical and Computer Modelling of Dynamical Systems},
	volume = {25},
	number = {1},
	pages = {63-89},
	year  = {2019},
	publisher = {Taylor & Francis},
	doi = {10.1080/13873954.2019.1571515},
	
	URL = { 
	https://doi.org/10.1080/13873954.2019.1571515
	
	},
	eprint = { 
	https://doi.org/10.1080/13873954.2019.1571515
	
	}
	
}